@article{article01,
    language = {russian},
    author = {А.~Л. Богданов and И.~С. Дуля},
    title = {Сентимент-анализ коротких русскоязычных текстов в социальных медиа},
    journal = {Вестник Томского государственного университета. Экономика},
    year = {2019},
    number = {47},
    pages = {\mbox{220-241}},
    note = {URL:
            \url{https://cyberleninka.ru/article/n/sentiment-analiz-korotkih-russkoyazychnyh-tekstov-v-sotsialnyh-media}}
}

@article{article02,
    language = {russian},
    author = {E.~В. Майорова},
    title = {О сентимент-анализе и перспективах его применения},
    journal = {Социальные и гуманитарные науки. Отечественная и зарубежная
               литература. Сер. 6, Языкознание: Реферативный журнал},
    year = {2020},
    number = {4},
    pages = {\mbox{78-87}},
    note = {URL:
            \url{https://cyberleninka.ru/article/n/o-sentiment-analize-i-perspektivah-ego-primeneniya}}
}

@article{article03,
    language = {english},
    author = {Sharma, Aryaman},
    title = {Natural Language Processing and Sentiment Analysis},
    journal = {International Research Journal of Computer Science},
    year = {2021},
    volume = {8},
    pages = {237-242},
    note = {URL:
            \url{http://www.irjcs.com/volumes/Vol8/iss-10/01.OCCS10080.pdf}}
}

@article{article04,
    language = {russian},
    author = {А.~В. Колмогорова},
    title = {Использование текстов жанра «Интернет-откровение» в контексте
             решения задач сентимент-анализа},
    journal = {Вестник НГУ. Серия: Лингвистика и межкультурная коммуникация},
    year = {2019},
    number = {3},
    pages = {71-82},
    note = {URL:
            \url{https://cyberleninka.ru/article/n/ispolzovanie-tekstov-zhanra-internet-otkrovenie-v-kontekste-resheniya-zadach-sentiment-analiza}}
}

@article{article05,
    language = {russian},
    author = {Т.~Р. Самигулин and А.~Э.~У. Джурабаев},
    title = {Анализ тональности текста методами машинного обучения},
    journal = {Научный результат. Информационные технологии.},
    year = {2021},
    number = {1},
    pages = {\mbox{55-62}},
    note = {URL:
            \url{https://cyberleninka.ru/article/n/analiz-tonalnosti-teksta-metodami-mashinnogo-obucheniya}}
}

@article{article06,
    language={english},
    title={Effective Text Data Preprocessing Technique for Sentiment Analysis in
           Social Media Data},
    author={Saurav Pradha and Malka N. Halgamuge and Nguyen Tran Quoc Vinh},
    journal={2019 11th International Conference on Knowledge and Systems
             Engineering (KSE)},
    year={2019},
    pages={\mbox{1-8}},
    note={URL:
          \url{https://www.researchgate.net/publication/336824895_Effective_Text_Data_Preprocessing_Technique_for_Sentiment_Analysis_in_Social_Media_Data}}
}

@article{article07,
    language={english},
    author={Yadla Jaswanth and Ravilla Muni Sandeep Kumar and Ravilla Madhu
            Sudhan and Supreeta Vijayakumar and D Rajagopalam},
    title={Sentiment analysis using logistic regression algorithm},
    journal = {European Journal of Molecular \& Clinical Medicine},
    year={2020},
    volume = {7},
    pages = {\mbox{2081-2086}},
    note = {URL:
            \url{https://ejmcm.com/article_1947_8564803d6a0e472019601ccb213729de.pdf}}
}

@article{article08,
    language = {english},
    author = {Zucco, Chiara and Calabrese, Barbara and Agapito, Giuseppe and
              Guzzi, Pietro H. and Cannataro, Mario},
    title = {Sentiment Analysis for Mining Texts and Social Networks Data:
             Methods and Tools},
    journal = {WIREs Data Mining and Knowledge Discovery},
    year = {2020},
    volume = {10},
    note = {URL:
            \url{https://wires.onlinelibrary.wiley.com/doi/10.1002/widm.1333}}
}

@article{article09,
    author = {А.~А. Двойникова and А.~А. Карпов},
    title = {Аналитический обзор подходов к распознаванию тональности
             русскоязычных текстовых данных},
    journal = {Информационно-управляющие системы},
    year = {2020},
    number = {4},
    pages = {20-30},
    note = {URL:
            \url{https://cyberleninka.ru/article/n/analiticheskiy-obzor-podhodov-k-raspoznavaniyu-tonalnosti-russkoyazychnyh-tekstovyh-dannyh}}
}

@article{article10,
    language = {english},
    author = {Khalil, Enas and El Houby, Enas and Mohamed, Hoda},
    title = {Sentiment Analysis Tasks and Approaches},
    journal = {International Journal of Computer Science and Information
               Security},
    year = {2021},
    volume = {19},
    pages = {},
    note = {URL:
            \url{https://www.researchgate.net/publication/356068600_Sentiment_Analysis_Tasks_and_Approaches}}
}

@article{article11,
    language={english},
    author = {Sharma, Dipti and Sabharwal, Munish and Goyal, Vinay and Vij,
              Mohit},
    title = {Sentiment Analysis Techniques for Social Media Data: A Review},
    journal={First International Conference on Sustainable Technologies for
             Computational Intelligence},
    year = {2020},
    pages = {75-90},
    note = {URL:
            \url{https://www.researchgate.net/publication/336988754_Sentiment_Analysis_Techniques_for_Social_Media_Data_A_Review}}
}

@article{article12,
    language = {english},
    author = {Smetanin, Sergey},
    title = {The Applications of Sentiment Analysis for Russian Language Texts:
             Current Challenges and Future Perspectives},
    journal = {IEEE Access},
    year = {2020},
    volume = {8},
    pages = {110693-1110719},
    note = {URL:
            \url{https://ieeexplore.ieee.org/document/9117010}}
}

@article{article13,
    language={english},
    author={Petr Berka},
    title={Sentiment analysis using rule\-based and case\-based reasoning},
    journal={Journal of Intelligent Information Systems},
    year={2020},
    volume={55},
    pages={51-66},
    note = {URL:
       \url{https://link.springer.com/content/pdf/10.1007/s10844-019-00591-8.pdf}}
}

@article{article14,
    language = {english},
    author = {Pathak, Avinav and Sharma, Saurabh and Pandey, Rajesh},
    title = {A Methodological Survey on Sentiment Analysis Techniques and Their
             Applications in Opinion Mining},
    journal = {International Journal of Emerging Trends in Engineering and
               Development},
    year = {2021},
    volume = {1},
    pages = {37-45},
    note = {URL:
            \url{https://www.researchgate.net/publication/349154400_A_METHODOLOGICAL_SURVEY_ON_SENTIMENT_ANALYSIS_TECHNIQUES_AND_THEIR_APPLICATIONS_IN_OPINION_MINING}}
}

@article{article15,
    language = {english},
    author={Raihah Aminuddin and Aina Zuliana Zulkefli and Nor Aiza Moketar and
            Khyrina Airin Fariza Abu Samah},
    title={Sentiment analysis of online product reviews using Lexical Semantic
           Corpus-Based technique},
    journal={2021 IEEE 11th IEEE Symposium on Computer Applications \&
             Industrial Electronics (ISCAIE)},
    year={2021},
    pages={233-238},
    note = {URL:
       \url{https://ieeexplore.ieee.org/document/9431818}}
}

@article{article16,
    language={english},
    title={A Review On Sentiment Analysis Methodologies, Practices And
           Applications},
    author={Pooja Mehta and Dr.Sharnil Pandya},
    journal={International Journal of Scientific \& Technology Research},
    year={2020},
    volume={9},
    pages={601-609},
    note = {URL:
            \url{https://www.ijstr.org/final-print/feb2020/A-Review-On-Sentiment-Analysis-Methodologies-Practices-And-Applications.pdf}}
}

@article{article21,
    author = {Т.~В. Батура},
    title = {Методы автоматической классификации текстов},
    journal = {Программные продукты и системы},
    year = {2017},
    volume = {30},
    pages = {85-99},
    note = {URL:
       \url{http://www.swsys.ru/files/2017-1/_85-99.pdf}}
}

@article{article18,
    language = {english},
    title={Sentiment Analysis of Bengali Text using CountVectorizer with
           Logistic Regression},
    author={Nasif Alvi and Kamrul Hasan Talukder},
    journal={2021 12th International Conference on Computing Communication and
             Networking Technologies (ICCCNT)},
    year={2021},
    pages={01-05},
    note = {URL:
       \url{https://ieeexplore.ieee.org/document/9580017}}
}

@article{article19,
    language = {english},
    author    = {Milan Gritta},
    title     = {A Comparison of Techniques for Sentiment Classification of Film
                 Reviews},
    journal   = {CoRR},
    year      = {2019},
    note = {URL: \url{http://arxiv.org/abs/1905.04727}}
}

@article{article20,
    language = {english},
    author = {Ramadhon, Muhammad and Arini, Arini and Mintarsih, Fitri and
              Muhamad Malik Matin, Iik},
    title = {N-Gram and K-Nearest Neighbor Algorithm for Sentiment Analysis on
             Capital Relocation},
    journal = {International Conference on Cyber and IT Service
               Management (CITSM)},
    year = {2021},
    pages = {1-6},
    note = {URL:
       \url{https://www.researchgate.net/publication/356149710_N-Gram_and_K-Nearest_Neighbor_Algorithm_for_Sentiment_Analysis_on_Capital_Relocation}}
}


@article{article22,
    language={english},
    title={The Accuracy Comparison of Social Media Sentiment Analysis Using
           Lexicon Based and Support Vector Machine on Souvenir
           Recommendations},
    author={Wilis, Kaswidjanti and Hidayatullah, Himawan and Parasian,
            Silitonga},
    journal={TEST Engineering \& Management},
    year={2020},
    volume={83},
    pages={3953-3961},
    note = {URL: \url{http://eprints.upnyk.ac.id/23088/1/3. the accuracy
            comparison.pdf}}
}


@article{article23,
    language={english},
    author = {Almatarneh, Sattam and Gamallo, Pablo},
    title = {A lexicon based method to search for extreme opinions},
    journal = {PLoS ONE},
    year = {2018},
    pages = {1-19},
    volume = {13},
    note = {URL:
            \url{https://doi.org/10.1371/journal.pone.0197816}}
}

